<?xml version="1.0" encoding="UTF-8"?><record xmlns="http://www.loc.gov/MARC21/slim" xmlns:cinclude="http://apache.org/cocoon/include/1.0" xmlns:zs="http://www.loc.gov/zing/srw/">
  <leader>00353nz  a2200121n  4500</leader>
  <controlfield tag="001">n  95108305 </controlfield>
  <controlfield tag="003">DLC</controlfield>
  <controlfield tag="005">19951101175859.7</controlfield>
  <controlfield tag="008">951101n| acannaab|          |n aaa |||  </controlfield>
  <datafield tag="010" ind1=" " ind2=" ">
    <subfield code="a">n  95108305 </subfield>
  </datafield>
  <datafield tag="040" ind1=" " ind2=" ">
    <subfield code="a">DLC</subfield>
    <subfield code="c">DLC</subfield>
  </datafield>
  <datafield tag="100" ind1="1" ind2="0">
    <subfield code="a">Schweizer, Elsbeth</subfield>
  </datafield>
  <datafield tag="670" ind1=" " ind2=" ">
    <subfield code="a">Internationaler Designpreis des Landes Baden-WuĚrttemberg 1991, 1991:</subfield>
    <subfield code="b">p. 112 (Elsbeth Schweizer)</subfield>
  </datafield>
</record>